% Encoding: UTF-8

@InProceedings{bellemare2017distributional,
  author       = {Bellemare, Marc G and Dabney, Will and Munos, R{\'e}mi},
  booktitle    = {International Conference on Machine Learning},
  title        = {A distributional perspective on reinforcement learning},
  year         = {2017},
  note         = {note},
  organization = {PMLR},
  pages        = {449--458},
  file         = {:PDFs/bellemare2017distributional.pdf:PDF},
  groups       = {Distributional Reinforcement Learning},
}

@Article{zhang2021cautious,
  author    = {Zhang, Junyu and Bedi, Amrit Singh and Wang, Mengdi and Koppel, Alec},
  journal   = {IEEE Journal on Selected Areas in Information Theory},
  title     = {Cautious Reinforcement Learning via Distributional Risk in the Dual Domain},
  year      = {2021},
  file      = {:PDFs/zhang2021cautious.pdf:PDF},
  groups    = {Distributional Reinforcement Learning},
  publisher = {IEEE},
}

@Article{mnih2013playing,
  author  = {Mnih, Volodymyr and Kavukcuoglu, Koray and Silver, David and Graves, Alex and Antonoglou, Ioannis and Wierstra, Daan and Riedmiller, Martin},
  journal = {arXiv preprint arXiv:1312.5602},
  title   = {Playing atari with deep reinforcement learning},
  year    = {2013},
  file    = {:PDFs/mnih2013playing.pdf:PDF},
}

@InProceedings{mnih2016asynchronous,
  author       = {Mnih, Volodymyr and Badia, Adria Puigdomenech and Mirza, Mehdi and Graves, Alex and Lillicrap, Timothy and Harley, Tim and Silver, David and Kavukcuoglu, Koray},
  booktitle    = {International conference on machine learning},
  title        = {Asynchronous methods for deep reinforcement learning},
  year         = {2016},
  organization = {PMLR},
  pages        = {1928--1937},
  file         = {:PDFs/mnih2016asynchronous.pdf:PDF},
  groups       = {Asynchronous Deep Reinforcement Learning},
}

@Article{andrychowicz2017hindsight,
  author  = {Andrychowicz, Marcin and Wolski, Filip and Ray, Alex and Schneider, Jonas and Fong, Rachel and Welinder, Peter and McGrew, Bob and Tobin, Josh and Abbeel, Pieter and Zaremba, Wojciech},
  journal = {arXiv preprint arXiv:1707.01495},
  title   = {Hindsight experience replay},
  year    = {2017},
  file    = {:PDFs/andrychowicz2017hindsight.pdf:PDF},
  groups  = {Hindsight Experience Replay},
}

@Article{plappert2018multi,
  author  = {Plappert, Matthias and Andrychowicz, Marcin and Ray, Alex and McGrew, Bob and Baker, Bowen and Powell, Glenn and Schneider, Jonas and Tobin, Josh and Chociej, Maciek and Welinder, Peter and others},
  journal = {arXiv preprint arXiv:1802.09464},
  title   = {Multi-goal reinforcement learning: Challenging robotics environments and request for research},
  year    = {2018},
  file    = {:PDFs/plappert2018multi.pdf:PDF},
  groups  = {Multi-Goal Reinforcement Learning},
}

@InProceedings{cheng2021deep,
  author       = {Cheng, Hao and Duan, Feng and Zheng, Haosi},
  booktitle    = {International Conference on Intelligent Robotics and Applications},
  title        = {Deep Reinforcement Learning for an Anthropomorphic Robotic Arm Under Sparse Reward Tasks},
  year         = {2021},
  organization = {Springer},
  pages        = {79--89},
  file         = {:PDFs/cheng2021deep.pdf:PDF},
  groups       = {Hindsight Experience Replay},
}

@Article{li2021human,
  author  = {Li, Keyu and Lu, Ye and Meng, Max Q-H},
  journal = {arXiv preprint arXiv:2110.04564},
  title   = {Human-Aware Robot Navigation via Reinforcement Learning with Hindsight Experience Replay and Curriculum Learning},
  year    = {2021},
  file    = {:PDFs/li2021human.pdf:PDF},
  groups  = {Hindsight Experience Replay},
}

@Article{zhang2021novel,
  author    = {Zhang, Wenyu and Chen, Qian and Yan, Jianyong and Zhang, Shuai and Xu, Jiyuan},
  journal   = {Energy},
  title     = {A novel asynchronous deep reinforcement learning model with adaptive early forecasting method and reward incentive mechanism for short-term load forecasting},
  year      = {2021},
  pages     = {121492},
  volume    = {236},
  file      = {:PDFs/zhang2021novel.pdf:PDF},
  groups    = {Asynchronous Deep Reinforcement Learning},
  publisher = {Elsevier},
}

@Article{yang2021density,
  author  = {Yang, Deyu and Zhang, Hanbo and Lan, Xuguang and Ding, Jishiyu},
  journal = {arXiv preprint arXiv:2109.08903},
  title   = {Density-based Curriculum for Multi-goal Reinforcement Learning with Sparse Rewards},
  year    = {2021},
  file    = {:PDFs/yang2021density.pdf:PDF},
  groups  = {Multi-Goal Reinforcement Learning},
}

@Comment{jabref-meta: databaseType:bibtex;}

@Comment{jabref-meta: grouping:
0 AllEntriesGroup:;
1 StaticGroup:Distributional Reinforcement Learning\;0\;1\;0x8a8a8aff\;\;\;;
1 StaticGroup:Hindsight Experience Replay\;0\;0\;0x8a8a8aff\;\;\;;
1 StaticGroup:Multi-Goal Reinforcement Learning\;0\;0\;0x8a8a8aff\;\;\;;
1 StaticGroup:Asynchronous Deep Reinforcement Learning\;0\;0\;0x8a8a8aff\;\;\;;
}
